@unpublished{infandango_note,
	title = "Infandango: Automated Grading for Student Programming",
	author = "Mike Hull, Dan Powell, Ewan Klein"
}

@misc{khan_blog,
	title = "How Khan Academy is using Machine Learning to Assess Student Mastery",
	author = "David Hu",
	year = "2011",
	month = "Nov",
	note = "http://david-hu.com/2011/11/02/how-khan-academy-is-using-machine-learning-to-assess-student-mastery.html"
}

@misc{khan_site,
	title = "https://www.khanacademy.org/"
}

@misc{scikit_site,
	title = "http://scikit-learn.org"
}

@misc{java_site,
	title = "http://www.java.com/"
}

@misc{python_site,
	title = "http://www.python.org/"
}

@misc{r_site,
	title = "http://www.r-project.org/"
}

@misc{django_site,
	title = "https://www.djangoproject.com/"
}
