@unpublished{infandango_note,
	title = "Infandango: Automated Grading for Student Programming",
	author = "Mike Hull, Dan Powell, Ewan Klein"
}

@misc{khan_blog,
	title = "How Khan Academy is using Machine Learning to Assess Student Mastery",
	author = "David Hu",
	year = "2011",
	month = "Nov",
	note = "http://david-hu.com/2011/11/02/how-khan-academy-is-using-machine-learning-to-assess-student-mastery.html"
}

@misc{arac_site,
	title = "https://github.com/bayerj/arac/wiki"
}

@misc{khan_site,
	title = "https://www.khanacademy.org/"
}

@misc{bitbucket,
	title = "https://bitbucket.org/ewan/infandango"
}

@misc{bitbucket_james,
	title = "https://bitbucket.org/ewan/infandango/commits/branch/python\_extension"
}

@misc{scikit_site,
	title = "http://scikit-learn.org"
}

@misc{java_site,
	title = "http://www.java.com/"
}

@misc{python_site,
	title = "http://www.python.org/"
}

@misc{pythonpickle_site,
	title = "http://docs.python.org/2/library/pickle.html"
}

@article{pybrain2010jmlr,
	Author = {Schaul, Tom and Bayer, Justin and Wierstra, Daan and Sun, Yi and 
	          Felder, Martin and Sehnke, Frank and R{\"u}ckstie{\ss}, Thomas and Schmidhuber, J{\"u}rgen},
	Journal = {Journal of Machine Learning Research},
	Pages = {743--746},
	Title = {{PyBrain}},
	Volume = {11},
	Year = {2010}
	}
@misc{r_site,
	title = "http://www.r-project.org/"
}

@misc{django_site,
	title = "https://www.djangoproject.com/"
}

@misc{scriptaculous_site,
	title = "http://script.aculo.us/"
}

@misc{singing_pdf,
	title = "Learning to sing in tune: Does real-time visual feedback help?"
%	title = "www.patwilson.com.au/EstoniaDoc.pdf"
}

@misc{ka_faq,
	title = "http://khanacademy.desk.com/customer/portal/articles/337790-what-is-khan-academy-"
}

@INPROCEEDINGS{automate_evaluation,
  author =	 {Kaushal, R. and Singh, A.},
  booktitle =	 {Engineering Education: Innovative Practices and
                  Future Trends (AICERA), 2012 IEEE International
                  Conference on},
  title =	 {Automated evaluation of programming assignments},
  year =	 2012,
  month =	 {july},
  pages =	 {1--5},
  doi =		 {10.1109/AICERA.2012.6306707},
}

@book{visual_explanations,
Author = {Tufte, Edward R.},
ISBN = {0961392126},
Publisher = {Cheshire, Conn. : Graphics Press, 1997.},
Title = {Visual explanations : images and quantities, evidence and narrative / Edward R. Tufte.},
URL = {http://ezproxy.lib.ed.ac.uk/login?url=http://search.ebscohost.com/login.aspx?direct=true&db=cat00234a&AN=edinb.592832&site=eds-live},
Year = {1997},
}

@book{tufte_book,
author = {Tufte, Edward R.},
title = {The Visual Display of Quantitative Information},
year = {1986},
isbn = {0-9613921-0-X},
publisher = {Graphics Press},
address = {Cheshire, CT, USA},
}

@INPROCEEDINGS{simstudent,
	author = {Matsuda, N., Cohen, W. W., Sewall, J., Lacerda, G.,Koedinger, K. R.},
	title = {Evaluating a simulated student using real students data for training and testing},
	year = {2007},
}

@inproceedings{simstudent_better,
  title={A machine learning approach for automatic student model discovery},
  author={Li, Nan and Koedinger, Kenneth R},
  year = {2011}
}

@book{witten2011data,
  title={Data Mining: Practical Machine Learning Tools and Techniques: Practical Machine Learning Tools and Techniques},
  author={Witten, Ian H and Frank, Eibe and Hall, Mark A},
  year={2011},
  publisher={Morgan Kaufmann}
}

@article {ArlotCelisse,
    AUTHOR = {Arlot, S. and Celisse, A.},
     TITLE = {A survey of cross-validation procedures for model selection},
   JOURNAL = {Stat. Surv.},
  FJOURNAL = {Statistics Surveys},
    VOLUME = {4},
      YEAR = {2010},
     PAGES = {40--79},
      ISSN = {1935-7516},
   MRCLASS = {62G08 (62F07 62G05 62G10)},
  MRNUMBER = {2602303 (2011g:62111)},
       DOI = {10.1214/09-SS054},
       URL = {http://dx.doi.org/10.1214/09-SS054},
}

@inproceedings{webtoteach,
author = {David Arnow and Oleg Barshay},
title = {{WebToTeach: an interactive focused programming exercise system}},
booktitle = {Conference on Frontiers in Education},
volume = {1},
year = {1999},
doi = {10.1109/FIE.1999.839303},
masid = {1258674}
}

@inproceedings{ASSYST,
 author = {Jackson, David and Usher, Michelle},
 title = {Grading student programs using ASSYST},
 booktitle = {Proceedings of the twenty-eighth SIGCSE technical symposium on Computer science education},
 series = {SIGCSE '97},
 year = {1997},
 isbn = {0-89791-889-4},
 location = {San Jose, California, USA},
 pages = {335--339},
 numpages = {5},
 url = {http://doi.acm.org/10.1145/268084.268210},
 doi = {10.1145/268084.268210},
 acmid = {268210},
 publisher = {ACM},
 address = {New York, NY, USA},
} 

@article{berrymeekings,
 author = {Berry, R E. and Meekings, B A.E.},
 title = {A style analysis of C programs},
 journal = {Commun. ACM},
 issue_date = {Jan. 1985},
 volume = {28},
 number = {1},
 month = jan,
 year = {1985},
 issn = {0001-0782},
 pages = {80--88},
 numpages = {9},
 url = {http://doi.acm.org/10.1145/2465.2469},
 doi = {10.1145/2465.2469},
 acmid = {2469},
 publisher = {ACM},
 address = {New York, NY, USA},
} 


@article{coursemaster,
 author = {Higgins, Colin A. and Gray, Geoffrey and Symeonidis, Pavlos and Tsintsifas, Athanasios},
 title = {Automated assessment and experiences of teaching programming},
 journal = {J. Educ. Resour. Comput.},
 issue_date = {September 2005},
 volume = {5},
 number = {3},
 month = sep,
 year = {2005},
 issn = {1531-4278},
 articleno = {5},
 url = {http://doi.acm.org/10.1145/1163405.1163410},
 doi = {10.1145/1163405.1163410},
 acmid = {1163410},
 publisher = {ACM},
 address = {New York, NY, USA},
 keywords = {Computer-based assessment, formative and summative assessment, online assessment},
} 

@inproceedings{roboprof,
 author = {Daly, Charlie},
 title = {RoboProf and an introductory computer programming course},
 booktitle = {Proceedings of the 4th annual SIGCSE/SIGCUE ITiCSE conference on Innovation and technology in computer science education},
 series = {ITiCSE '99},
 year = {1999},
 isbn = {1-58113-087-2},
 location = {Cracow, Poland},
 pages = {155--158},
 numpages = {4},
 url = {http://doi.acm.org/10.1145/305786.305904},
 doi = {10.1145/305786.305904},
 acmid = {305904},
 publisher = {ACM},
 address = {New York, NY, USA},
} 

@book{general_chemistry,
author = {Linus Pauling},
title = {General Chemsitry},
year = {1947},
address = {San Francisco USA},
pages = {64}
}
